% This file was created with Citavi 6.8.0.0

@phdthesis{.2017e,
  author  = {方辉},
  year    = {2017},
  title   = {基于ASP.NET的在线学位论文评审系统设计与实现},
  address = {广西壮族自治区},
  school  = {广西师范大学}
}


% This file was created with Citavi 6.8.0.0

@phdthesis{.2018,
  author  = {周逸雅},
  title   = {硕士毕业论文管理系统的设计与实现},
  address = {四川},
  school  = {电子科技大学},
  year    = {2018}
}


% This file was created with Citavi 6.8.0.0

@mastersthesis{.20183,
  author  = {王小红},
  title   = {基于Java+EE的项目评审文档管理信息系统的研究与实现},
  address = {北京},
  school  = {华北电力大学},
  year    = {2018}
}

@mastersthesis{张磊2020数字校园下高职院校教务管理系统设计,
  author  = {张磊},
  title   = {数字校园下高职院校教务管理系统设计},
  school  = {青岛科技大学},
  address = {山东},
  year    = {2020}
}


% This file was created with Citavi 6.8.0.0

@article{.2019,
  author  = {陈新梅 and 赵元 and 高雅 and 徐爱萍 and 丁志远},
  title   = {一流学科背景下本科毕业论文质量的提升------以山东中医药大学药学院2017届毕业生为例},
  journal = {山东化工},
  year    = {2019},
  volume  = {48},
  number  = {1},
  pages   = {148--149}
}

@article{.2019c,
  author  = {郭煜 and 刘文胜},
  title   = {高校本科毕业设计(论文)的现状分析和改进措施},
  journal = {科教导刊 (上旬刊)},
  year    = {2019},
  volume  = {},
  number  = {31},
  pages   = {42--43}
}


@article{.2019d,
  author  = {刘辉 and 于程名 and 吴海平},
  title   = {{\textquotedbl}双一流{\textquotedbl}建设下的高校研究生学位论文评审办法改革探讨},
  journal = {高教论坛},
  year    = {2019},
  volume  = {},
  number  = {11},
  pages   = {83--85}
}

@article{.2019f,
  author  = {王悦 and 张雷 and 钱英军},
  title   = {基于SpringBoot微服务的Spring Security身份认证机制研究},
  journal = {电脑编程技巧与维护},
  year    = {2019},
  volume  = {},
  number  = {8},
  pages   = {64-65,68}
}


@article{.2019h,
  author  = {周虎},
  title   = {一种基于JWT认证token刷新机制研究},
  journal = {软件工程},
  year    = {2019},
  volume  = {22},
  number  = {12},
  pages   = {18--20}
}


@article{.2020c,
  author  = {龚旭},
  title   = {试析``互联网+''时代下计算机科学技术发展趋势},
  journal = {轻纺工业与技术},
  year    = {2020},
  volume  = {49},
  number  = {1},
  pages   = {147--148}
}

@article{.2020g,
  author  = {沈佳棋 and 倪珊 and 王杰 and 丁洁},
  title   = {基于Vue+SpringBoot的分类学科竞赛管理系统设计},
  journal = {无线互联科技},
  year    = {2020},
  volume  = {17},
  number  = {17},
  pages   = {74--77}
}

@article{.2020h,
  author  = {王晓杰 and 王欢欢},
  title   = {{\textquotedbl}互联网+{\textquotedbl}背景下计算机科学技术发展趋势},
  journal = {科技风},
  year    = {2020},
  volume  = {},
  number  = {6},
  pages   = {123--124}
}

@article{Dhingra2017ReviewOJ,
  author  = {N. Dhingra and Emad M. Abdelmoghith and H. Mouftah},
  title   = {Review on JPA Based ORM Data Persistence Framework},
  journal = {International Journal of Computer Theory and Engineering},
  year    = {2017},
  volume  = {9},
  number  = {},
  pages   = {318-328}
}

@article{Setiyani.2020,
  author  = {Setiyani, Lila and Syamsudin, Abin and Gintings, Abdorrakhman and Arifin, Daeng},
  title   = {The Analysis of Functional Needs on Undergraduate Thesis Information System Management},
  journal = {International Journal of Advances in Data and Information Systems},
  year    = {2020},
  volume  = {1},
  number  = {2},
  pages   = {50--59}
}

@book{.software,
  author    = {Frank Tsui and Orlando Karam and Barbara Bernal},
  title     = {软件工程导论},
  address   = {北京},
  publisher = {机械工业出版社},
  year      = {2018}
}


% 手动加书

@book{.SpringInAction,
  author    = {Craig Walls. and Zhang},
  editor    = {4th ed},
  title     = {Spring实战},
  address   = {北京},
  publisher = {人民邮电出版社},
  year      = {2016}
}

@inproceedings{10.1145/3350768.3351796,
  title     = {Automated design tests to check Hibernate design recommendations},
  author    = {Silva, Taciano M and Serey, Dalton and Figueiredo, Jorge and Brunet, Jo{\~a}o},
  booktitle = {Proceedings of the XXXIII Brazilian Symposium on Software Engineering},
  pages     = {94--103},
  year      = {2019}
}
