% This file was created with Citavi 6.8.0.0

@article{Setiyani.2020,
 author = {Setiyani, Lila and Syamsudin, Abin and Gintings, Abdorrakhman and Arifin, Daeng},
 year = {2020},
 title = {The Analysis of Functional Needs on Undergraduate Thesis Information System Management},
 volume = {1},
 number = {2},
 journal = {International Journal of Advances in Data and Information Systems},
 file = {372f27d3-65ed-4ed7-b1f3-49dfec0c213c:C\:\\Users\\25710\\AppData\\Local\\Swiss Academic Software\\Citavi 6\\ProjectCache\\diq77qomutp8sdzssqghijx2sck25xquelhkwn8us7qn08\\Citavi Attachments\\372f27d3-65ed-4ed7-b1f3-49dfec0c213c.pdf:pdf;b183ab01-2935-4dd3-a63c-6bfa169e0207:C\:\\Users\\25710\\AppData\\Local\\Swiss Academic Software\\Citavi 6\\ProjectCache\\diq77qomutp8sdzssqghijx2sck25xquelhkwn8us7qn08\\Citavi Attachments\\b183ab01-2935-4dd3-a63c-6bfa169e0207.docx:docx}
}


% This file was created with Citavi 6.8.0.0

@article{.2020g,
  abstract = {文章对当前高校学科竞赛管理方式进行调研与分析,从Web信息服务的角度出发,建立了全平台式分类学科竞赛管理系统,采用前后端分离架构,分别基于Vue及SpringBoot实现相应功能模块.系统分为小程序及Web后台两块内容,分别用于学生端参与报名、教师端对信息进行综合管理,实现了新时代高校学科竞赛管理的信息化.},
  author   = {沈佳棋 and 倪珊 and 王杰 and 丁洁},
  year     = {2020},
  title    = {基于Vue+SpringBoot的分类学科竞赛管理系统设计},
  keywords = {springboot;Vue;前后端分离架构;学科竞赛管理系统},
  pages    = {74--77},
  volume   = {17},
  number   = {17},
  issn     = {1672-6944},
  journal  = {无线互联科技},
  file     = {738fd6b6-d765-4ee8-8868-90de0cba00e2:C\:\\Users\\25710\\AppData\\Local\\Swiss Academic Software\\Citavi 6\\ProjectCache\\diq77qomutp8sdzssqghijx2sck25xquelhkwn8us7qn08\\Citavi Attachments\\738fd6b6-d765-4ee8-8868-90de0cba00e2.pdf:pdf}
}


% This file was created with Citavi 6.8.0.0

@article{.2019c,
  abstract = {毕业设计(论文)是高校本科教育的最后环节,是人才培养的最后出口,是学校-教师-学生三位一体的工作结果.针对目前毕业设计(论文)中学生完成、学校管理和教师指导等方面的现状和问题,应该提高学生认识,端正学生态度,严把题目申报质量,创造充分的空间和时间,加强学校督导和管理,在论文评审和出口等方面进行切实有效的工作和努力.},
  author   = {郭煜 and 刘文胜},
  year     = {2019},
  title    = {高校本科毕业设计(论文)的现状分析和改进措施},
  keywords = {本科毕业设计(论文);改进措施;问题现状},
  pages    = {42--43},
  number   = {31},
  issn     = {1674-6813},
  journal  = {科教导刊},
  file     = {0d5335ad-c1d9-433f-aab1-6b72e58d06f8:C\:\\Users\\25710\\AppData\\Local\\Swiss Academic Software\\Citavi 6\\ProjectCache\\diq77qomutp8sdzssqghijx2sck25xquelhkwn8us7qn08\\Citavi Attachments\\0d5335ad-c1d9-433f-aab1-6b72e58d06f8.pdf:pdf}
}



% This file was created with Citavi 6.8.0.0

@article{.2020h,
  abstract = {随着我国社会经济和科学技术的不断发展,计算机逐渐成为各个领域最主要的应用,计算机科学技术也逐渐走向成熟,衍生出的云计算和大数据丰富了我国计算机科学技术的内涵.特别在{\textquotedbl}互联网+{\textquotedbl}背景下,计算机科学技术在深层次发展方面逐渐向微型化、智能化、网络化方向靠近.为此,本文重点结合当下计算机科学发展现状,对未来发展趋势进行更深入的研究.},
  author   = {王晓杰 and 王欢欢},
  year     = {2020},
  title    = {{\textquotedbl}互联网+{\textquotedbl}背景下计算机科学技术发展趋势},
  keywords = {发展趋势;互联网+;计算机科学技术},
  pages    = {123--124},
  number   = {6},
  issn     = {1671-7341},
  journal  = {科技风},
  file     = {c08e213d-2ad5-4c8c-9eb7-94a4beb42a09:C\:\\Users\\25710\\AppData\\Local\\Swiss Academic Software\\Citavi 6\\ProjectCache\\diq77qomutp8sdzssqghijx2sck25xquelhkwn8us7qn08\\Citavi Attachments\\c08e213d-2ad5-4c8c-9eb7-94a4beb42a09.pdf:pdf}
}

@article{.2019d,
  abstract = {学位论文是研究生学习和科研水平的重要反映,权威、公正的学位论文评审办法对高校人才培养至关重要.本文在分析学位论文评审办法改革重要性以及当前评审办法不足的基础上,结合{\textquotedbl}双一流{\textquotedbl}建设要求,从高效化、国际化、因材考核以及优化评审四个方面提出了新时代下博士和硕士研究生学位论文评审改革的可行建议.所提建议将有助于保障我国高校研究生培养的质量,加快国内高校的{\textquotedbl}双一流{\textquotedbl}建设.},
  author   = {刘辉 and 于程名 and 吴海平},
  year     = {2019},
  title    = {{\textquotedbl}双一流{\textquotedbl}建设下的高校研究生学位论文评审办法改革探讨},
  keywords = {高效化;国际化;评审办法改革;{\textquotedbl}双一流{\textquotedbl}建设;学位论文},
  pages    = {83--85},
  number   = {11},
  issn     = {1671-9719},
  journal  = {高教论坛},
  file     = {4130a4d5-2bc0-41dd-ad4e-6abbd8303fac:C\:\\Users\\25710\\AppData\\Local\\Swiss Academic Software\\Citavi 6\\ProjectCache\\diq77qomutp8sdzssqghijx2sck25xquelhkwn8us7qn08\\Citavi Attachments\\4130a4d5-2bc0-41dd-ad4e-6abbd8303fac.pdf:pdf}
}


@phdthesis{.2018,
  abstract = {随着Internet的发展，以网络为支撑的论文管理系统不但可以让学生随时随地提交论文，老师也可以通过电脑或者移动终端随时随地下载论文，对论文进行审核，有关单位部门的工作人员和导师也能随时获取相关信息进行毕业生论文的管理工作，相较于传统手工方式管理毕业生的论文，这种方式大大提高了学校教育管理的工作效率。如何把论文管理工作转移到基于网络的毕业论文管理系统上，保证论文管理合理、简化评审专家工作、系统高效稳定是目前各大高校研究的热门，为此本文设计并实现了一套硕士毕业论文管理系统。

本文首先对国内外论文管理方案进行了调研、分析和总结，论述了论文管理系统设计开发的必要性。然后结合某单位的论文管理工作的实际情况，分析了手动管理应届硕士毕业论文的缺陷，从而切合实际地提出了一套基于网络的硕士毕业论文管理系统的解决方案。

针对本次课题研究要实现的硕士毕业论文管理系统，本文对相关技术和理论做介绍，然后通过走访调研做出系统的功能性需求分析，提出了该对系统非功能性需求。接着本文依照需求分析对系统进行了架构设计，硕士毕业论文管理系统采用了 B/S 架构，在系统开发过程中采用前后端分离的设计方案，系统的实现采用现在流行的 SSM 框架组合（Spring+SpringMVC+MyBatis），以 MySQL 数据库来存储论文信息，保证系统的高效性。

在确定了整体架构之后，本文对系统的分层设计进行了更为详细地介绍，本文将系统的业务功能进行了层次划分和模块划分，使得整个系统的设计逻辑更加清晰，对开发过程有着高效的指引作用；本文对系统的数据库设计展开了详细的描述，包括数据库的E-R建模、数据库实体关系模型设计、数据模型关联关系等；本文接下来详细介绍了硕士毕业论文管理系统的网络架构设计，使得硕士毕业论文管理系统的主系统与备份系统部署在不同的服务器，由此提高了系统的安全性和可维护性；同时，本文还介绍了数据容灾和网络安全策略，数据容灾策略主要实现了数据备份功能，网络安全策略则是在系统中加入了防SQL注入的功能，更近一步保证了整个系统的安全。

本文最后会阐述系统的相关测试，从测试结果验证了系统的可用性支持系统的部署上线，为论文管理提供服务。},
  author   = {周逸雅},
  year     = {2018},
  title    = {硕士毕业论文管理系统的设计与实现},
  keywords = {B;SSM框架;S架构;软件设计;硕士毕业论文;信息管理系统},
  school   = {电子科技大学},
  type     = {硕士},
  file     = {31b6e7bf-85b0-4f9f-9198-2efa2d74f0a3:C\:\\Users\\25710\\AppData\\Local\\Swiss Academic Software\\Citavi 6\\ProjectCache\\diq77qomutp8sdzssqghijx2sck25xquelhkwn8us7qn08\\Citavi Attachments\\31b6e7bf-85b0-4f9f-9198-2efa2d74f0a3.pdf:pdf}
}

@phdthesis{.2017e,
  abstract = {研究生毕业论文的评审是研究生培养过程管理的重要环节，论文质量和研究生培养质量的保证依赖于这个环节。目前国内大多数普通高校每年毕业的研究生数量规模一般都在千人以上，而论文的审阅当前主要还是采用采取先打印出纸质文档、然后采用邮寄方式递送外地评审人，或个人递送给本地评审人的方式，每位研究生的论文需递送给2位或更多评审人，过程较为缓慢，纸张消耗量大，而且评审结果也难以集中管理。本文对高校研究生毕业学位论文的评审工作过程进行了一定的调查研究，设计并开发了一款适用于高校进行在线研究生学位论文评审的Web系统。

本文以面向对象的分析与设计方法，从总体设计目标开始，分析了高校毕业研究生学位论文外审工作的整个过程，详细描述了系统的功能需求，明确了系统设计目标和需要完成的功能，绘制出流程信息图，进行逻辑模型的分析与数据库的分析，同时对论文评审的各个阶段所实现的业务功能进行建模工作，按照系统的功能需求对Web应用系统进行详细的设计。

对用户的系统需求分析进行了深入分析后，决定采用基于Web的B/S架构与四层架构对系统进行分层设计开发。通过对数据库和类的设计，综合多种相关技术的搭配使用来实现系统的设计开发，同时很好地展现了四层架构的设计模式。本文分别详细描述了四层架构各层之间的实现方式和相互之间的协作过程，利用四层架构将Model和View的代码分离开来。数据库的设计过程中运用了Entity Framework的Code First技术，即先于程序里面完成对实体结构的搭建，再映射到数据库中去。本文也对Web系统设计开发过程中使用到的各种关键技术进行了简明介绍。

本文站在实用性的出发点上，采用ASP.NET软件开发平台与工具，SQL Server2008数据库存储平台这套成熟稳定的技术搭配。以客户提出的功能需求为总指导方向，对系统的每个模块进行设计开发。整套Web应用系统开发完善之后，已将系统部署在一台服务器里，作者也已对系统进行了全方位的软件测试工作，测试结果显示本套在线论文评审系统已基本达到设计计划的预期目标。本系统设计与开发的基本出发点是合理的布局和对开发与维护成本的考虑，这对高校教学及教学管理信息化建设方面具有较强的参考价值。},
  author   = {方辉},
  year     = {2017},
  title    = {基于ASP.NET的在线学位论文评审系统设计与实现},
  keywords = {功能模块;软件开发;学位论文评审;研究生教育},
  school   = {广西师范大学},
  type     = {硕士},
  file     = {461da74e-f815-4718-b55f-a7c263f99e8d:C\:\\Users\\25710\\AppData\\Local\\Swiss Academic Software\\Citavi 6\\ProjectCache\\diq77qomutp8sdzssqghijx2sck25xquelhkwn8us7qn08\\Citavi Attachments\\461da74e-f815-4718-b55f-a7c263f99e8d.pdf:pdf}
}


@article{.20183,
  abstract = {当前，云计算、物联网、大数据等信息技术创新活跃，互联网正加速与

传统产业渗透。目前企事业单位评审工作中需要一个对往年每份项目评审文档

进行分模块存储并显示的演示系统，以便在评审工作会议上快速检索出评审项

目的往期建设内容，检查正在评审的项目建设功能与往期有无重复。所以为企

事业单位的评审人员提供一个可以分类存储、统计、数据检查、查询对比

每年评审文档的便捷管理服务平台刻不容缓。

系统包括后台系统和web端两部分，后台系统主要用于给WEB端提供

数据，本文主要是对针对后台系统的研究与实现。本文首先对J2EE标准、

MVC设计模式、开源框架Spring MVC、开源框架MyBatis、快速开发平台 JeeSite进行概述，然后对系统的需求分析、数据库设计、服务器架构构建

进行了详细的介绍，最后经过测试，实现了基于Java EE的项目评审文档管

理信息系统。使用POI工具实现文档html解析存储成为本系统的创新之处。 此系统界而友好，扩展性强，为企事业单位评审工作的顺利开展提供了重

要工具，为评审管理系统的设计提供了新思路。},
  year     = {2018年3月},
  title    = {基于Java+EE的项目评审文档管理信息系统的研究与实现},
  keywords = {互联网正加速与 传统产业渗透},
  file     = {b8a5d1d4-f1ea-49cc-8dbe-1aedb4f6d18a:C\:\\Users\\25710\\AppData\\Local\\Swiss Academic Software\\Citavi 6\\ProjectCache\\diq77qomutp8sdzssqghijx2sck25xquelhkwn8us7qn08\\Citavi Attachments\\b8a5d1d4-f1ea-49cc-8dbe-1aedb4f6d18a.pdf:pdf}
}


@article{.2020c,
  abstract = {信息化、网络化、数字化及智能化的发展,人们进入了``互联网+''时代,使各种先进的计算机信息技术、多媒体技术及数字化技术等被应用到各大领域.对此,根据对计算机科学技术的分析,探讨了``互联网+''时代下计算机科学技术的发展趋势.},
  author   = {龚旭},
  year     = {2020},
  title    = {试析``互联网+''时代下计算机科学技术发展趋势},
  keywords = {发展趋势;``互联网+''时代;计算机科学技术},
  pages    = {147--148},
  volume   = {49},
  number   = {1},
  issn     = {2095-0101},
  journal  = {轻纺工业与技术},
  file     = {02760583-5827-4785-82c7-44485be67a82:C\:\\Users\\25710\\AppData\\Local\\Swiss Academic Software\\Citavi 6\\ProjectCache\\diq77qomutp8sdzssqghijx2sck25xquelhkwn8us7qn08\\Citavi Attachments\\02760583-5827-4785-82c7-44485be67a82.pdf:pdf}
}

@article{.2019,
  abstract = {对一流学科背景下本科毕业论文质量的提高举措和效果进行探讨.我院通过完善实习教学监控体系、分类管理、扩大指导教师队伍、引入``校友邦大学生实习实践平台''、强化学术诚信教育、提前选题、专题辅导、规范论文评审及答辩过程等举措,提高本科毕业论文的质量.我院2017届本科毕业生论文质量显著提高.本科生毕业论文质量的提升是一项循序渐进的系统工程,只有加强对毕业实习的各个环节的管理,论文的质量才能稳步提高.},
  author   = {陈新梅 and 赵元 and 高雅 and 徐爱萍 and 丁志远},
  year     = {2019},
  title    = {一流学科背景下本科毕业论文质量的提升------以山东中医药大学药学院2017届毕业生为例},
  keywords = {本科毕业论文;一流学科;质量提升},
  pages    = {148--149},
  volume   = {48},
  number   = {1},
  issn     = {1008-021X},
  journal  = {山东化工},
  file     = {af2a3836-0060-478d-8bfb-35dd460d6019:C\:\\Users\\25710\\AppData\\Local\\Swiss Academic Software\\Citavi 6\\ProjectCache\\diq77qomutp8sdzssqghijx2sck25xquelhkwn8us7qn08\\Citavi Attachments\\af2a3836-0060-478d-8bfb-35dd460d6019.pdf:pdf}
}

@article{.2019f,
  abstract = {针对于Spring+Spring Security框架组合在用户身份认证管理方面存在代码量大、配置复杂、紧耦合等问题,提出了使用SpringBoot+Spring Security微服务技术在用户身份认证管理方面的安全架构设计与开发的整体解决方案.设计了基于SpringBoot微服务框架的Spring Security身份认证系统架构,介绍了前后端框架分布情况,给出了使用Spring Data JPA构建的数据持久化层及HTML+Thymeleaf模板引擎搭建的前端视图模型.},
  author   = {王悦 and 张雷 and 钱英军},
  year     = {2019},
  title    = {基于SpringBoot微服务的Spring Security身份认证机制研究},
  keywords = {SpringBoot框架;SpringDataJPA;SpringSecurity框架;Thymeleaf;身份认证;数据持久化},
  pages    = {64-65,68},
  number   = {8},
  issn     = {1006-4052},
  journal  = {电脑编程技巧与维护},
  file     = {6ac1abed-aead-4ca2-add5-571fa0b8f5b4:C\:\\Users\\25710\\AppData\\Local\\Swiss Academic Software\\Citavi 6\\ProjectCache\\diq77qomutp8sdzssqghijx2sck25xquelhkwn8us7qn08\\Citavi Attachments\\6ac1abed-aead-4ca2-add5-571fa0b8f5b4.pdf:pdf}
}

@article{.2019h,
  abstract = {JWT(JsonWebToken)认证作为一种服务器端无状态验证方式,在分布式开发中得到了广泛的应用.但是,由于token信息的本身特点,支持的有效时间是固定的,当在token有效时间内用户操作没有完成,操作就会中断,需要重新登录验证.本文通过对比传统Cookie/Session身份验证机制在分布式开发中存在的不足,提出了一种基于JWT认证过程中动态刷新token的方法,有效地解决了分布式开发中会话共享问题,并通过在webApi开发中得到了具体的应用,表明了该方法的有效性和实用性.},
  author   = {周虎},
  year     = {2019},
  title    = {一种基于JWT认证token刷新机制研究},
  keywords = {JWT;token;webApi;认证},
  pages    = {18--20},
  volume   = {22},
  number   = {12},
  issn     = {2096-1472},
  journal  = {软件工程},
  file     = {9b892334-1ec8-464a-9e94-36c930e96648:C\:\\Users\\25710\\AppData\\Local\\Swiss Academic Software\\Citavi 6\\ProjectCache\\diq77qomutp8sdzssqghijx2sck25xquelhkwn8us7qn08\\Citavi Attachments\\9b892334-1ec8-464a-9e94-36c930e96648.pdf:pdf}
}


% 手动加书

@book{.software,
  author    = {Frank Tsui and Orlando Karam and Barbara Bernal},
  year      = {2018},
  title     = {软件工程导论},
  publisher = {机械工业出版社}
}

@book{.SpringInAction,
  author    = {Craig Walls. and Zhang},
  editor    = {4th ed},
  title     = {Spring实战},
  address   = {北京},
  publisher = { 人民邮电出版社},
  year      = { 2016}
}
