@mastersthesis{master1,
	author = {高素文},
	title = {基于OpenCV的人脸识别系统研究与实现[D]},
	school = {华北电力大学},
	year = {2015},
}

@mastersthesis{master2,
	author = {余子健},
	title = {基于FPGA的卷积神经网络加速器[D]},
	school = {浙江大学},
	year = {2016},
}

@mastersthesis{master3,
	author = {田联炳},
	title = {AdaBoost算法硬件并行架构研究与FPGA实现[D]},
	school = {华南理工大学},
	year = {2011},
}